
    <zs:record>
      <zs:recordSchema/>
      <zs:recordPacking>xml</zs:recordPacking>
      <zs:recordData>
        <record xmlns="http://www.loc.gov/MARC21/slim">
          <leader>01431cam a2200337 a 4500</leader>
          <controlfield tag="001">15189594</controlfield>
          <controlfield tag="005">20090827090052.0</controlfield>
          <controlfield tag="008">080222s2008    enk      b    101 0 eng  </controlfield>
          <datafield tag="906" ind1=" " ind2=" ">
            <subfield code="a">7</subfield>
            <subfield code="b">cbc</subfield>
            <subfield code="c">orignew</subfield>
            <subfield code="d">1</subfield>
            <subfield code="e">ecip</subfield>
            <subfield code="f">20</subfield>
            <subfield code="g">y-gencatlg</subfield>
          </datafield>
          <datafield tag="925" ind1="0" ind2=" ">
            <subfield code="a">acquire</subfield>
            <subfield code="b">2 shelf copies</subfield>
            <subfield code="x">policy default</subfield>
          </datafield>
          <datafield tag="955" ind1=" " ind2=" ">
            <subfield code="a">sf10 2008-02-22</subfield>
            <subfield code="c">sf10 2008-02-22 (telework)</subfield>
            <subfield code="a">sf03 2008-02-28 to BE for L</subfield>
            <subfield code="d">se53 2008-03-04</subfield>
            <subfield code="e">se39 2008-03-07 to Dewey (telework)</subfield>
            <subfield code="a">aa28 2008-03-10</subfield>
            <subfield code="a">xe07 2008-12-18 1 copy rec'd., to CIP ver.</subfield>
            <subfield code="f">xh14 2008-12-24 Z-CipVer</subfield>
            <subfield code="g">xh14 2008-12-24 to BCCD</subfield>
          </datafield>
          <datafield tag="010" ind1=" " ind2=" ">
            <subfield code="a">  2008006771</subfield>
          </datafield>
          <datafield tag="015" ind1=" " ind2=" ">
            <subfield code="a">GBA866875</subfield>
            <subfield code="2">bnb</subfield>
          </datafield>
          <datafield tag="016" ind1="7" ind2=" ">
            <subfield code="a">014615196</subfield>
            <subfield code="2">Uk</subfield>
          </datafield>
          <datafield tag="020" ind1=" " ind2=" ">
            <subfield code="a">9781847060679 (hbk.)</subfield>
          </datafield>
          <datafield tag="020" ind1=" " ind2=" ">
            <subfield code="a">1847060676 (hbk.)</subfield>
          </datafield>
          <datafield tag="020" ind1=" " ind2=" ">
            <subfield code="a">9781847060686 (pbk.)</subfield>
          </datafield>
          <datafield tag="020" ind1=" " ind2=" ">
            <subfield code="a">1847060684 (pbk.)</subfield>
          </datafield>
          <datafield tag="035" ind1=" " ind2=" ">
            <subfield code="a">(OCoLC)213358014</subfield>
            <subfield code="z">(OCoLC)190777944</subfield>
            <subfield code="z">(OCoLC)190777945</subfield>
          </datafield>
          <datafield tag="040" ind1=" " ind2=" ">
            <subfield code="a">DLC</subfield>
            <subfield code="c">DLC</subfield>
            <subfield code="d">YDXCP</subfield>
            <subfield code="d">BTCTA</subfield>
            <subfield code="d">BAKER</subfield>
            <subfield code="d">UKM</subfield>
            <subfield code="d">BWKUK</subfield>
            <subfield code="d">BWK</subfield>
            <subfield code="d">CDX</subfield>
            <subfield code="d">BWX</subfield>
            <subfield code="d">DLC</subfield>
          </datafield>
          <datafield tag="050" ind1="0" ind2="0">
            <subfield code="a">HQ1190</subfield>
            <subfield code="b">.L83 2008</subfield>
          </datafield>
          <datafield tag="082" ind1="0" ind2="0">
            <subfield code="a">301.092</subfield>
            <subfield code="2">22</subfield>
          </datafield>
          <datafield tag="245" ind1="0" ind2="0">
            <subfield code="a">Luce Irigaray :</subfield>
            <subfield code="b">teaching /</subfield>
            <subfield code="c">edited by Luce Irigaray with Mary Green.</subfield>
          </datafield>
          <datafield tag="260" ind1=" " ind2=" ">
            <subfield code="a">London ;</subfield>
            <subfield code="a">New York :</subfield>
            <subfield code="b">Continuum,</subfield>
            <subfield code="c">c2008.</subfield>
          </datafield>
          <datafield tag="300" ind1=" " ind2=" ">
            <subfield code="a">xi, 285 p. ;</subfield>
            <subfield code="c">25 cm.</subfield>
          </datafield>
          <datafield tag="504" ind1=" " ind2=" ">
            <subfield code="a">Includes bibliographical references and index.</subfield>
          </datafield>
          <datafield tag="650" ind1=" " ind2="0">
            <subfield code="a">Feminist theory</subfield>
            <subfield code="v">Congresses.</subfield>
          </datafield>
          <datafield tag="600" ind1="1" ind2="0">
            <subfield code="a">Irigaray, Luce</subfield>
            <subfield code="v">Congresses.</subfield>
          </datafield>
          <datafield tag="700" ind1="1" ind2=" ">
            <subfield code="a">Irigaray, Luce.</subfield>
          </datafield>
          <datafield tag="700" ind1="1" ind2=" ">
            <subfield code="a">Green, Mary,</subfield>
            <subfield code="d">1971-</subfield>
          </datafield>
          <datafield tag="856" ind1="4" ind2="1">
            <subfield code="3">Table of contents only</subfield>
            <subfield code="u">http://www.loc.gov/catdir/toc/fy0903/2008006771.html</subfield>
          </datafield>
        </record>
      </zs:recordData>
      <zs:recordPosition>6</zs:recordPosition>
    </zs:record>