
    <zs:record>
      <zs:recordSchema/>
      <zs:recordPacking>xml</zs:recordPacking>
      <zs:recordData>
        <record xmlns="http://www.loc.gov/MARC21/slim">
          <leader>01316cam a2200325 a 4500</leader>
          <controlfield tag="001">617197</controlfield>
          <controlfield tag="005">20220726085451.0</controlfield>
          <controlfield tag="008">921103s1993    paua          000 0 eng  </controlfield>
          <datafield tag="906" ind1=" " ind2=" ">
            <subfield code="a">7</subfield>
            <subfield code="b">cbc</subfield>
            <subfield code="c">orignew</subfield>
            <subfield code="d">1</subfield>
            <subfield code="e">ocip</subfield>
            <subfield code="f">19</subfield>
            <subfield code="g">y-gencatlg</subfield>
          </datafield>
          <datafield tag="925" ind1="0" ind2=" ">
            <subfield code="a">acquire</subfield>
            <subfield code="b">2 shelf copies</subfield>
            <subfield code="x">policy default</subfield>
          </datafield>
          <datafield tag="955" ind1=" " ind2=" ">
            <subfield code="a">pc18 to ja00 11-03-92; jf07 to subj. 11-04-92; jf08 11-04-92; jf12 11-05-92; aa01 11-05-92; CIP ver. pv08 03-10-93</subfield>
          </datafield>
          <datafield tag="010" ind1=" " ind2=" ">
            <subfield code="a">   92041508 </subfield>
          </datafield>
          <datafield tag="020" ind1=" " ind2=" ">
            <subfield code="a">0875965512 (acid-free paper) :</subfield>
            <subfield code="c">$25.95</subfield>
          </datafield>
          <datafield tag="035" ind1=" " ind2=" ">
            <subfield code="9">(DLC)   92041508</subfield>
          </datafield>
          <datafield tag="040" ind1=" " ind2=" ">
            <subfield code="a">DLC</subfield>
            <subfield code="c">DLC</subfield>
            <subfield code="d">DLC</subfield>
          </datafield>
          <datafield tag="043" ind1=" " ind2=" ">
            <subfield code="a">n-us---</subfield>
          </datafield>
          <datafield tag="050" ind1="0" ind2="0">
            <subfield code="a">TT835</subfield>
            <subfield code="b">.F64 1993</subfield>
          </datafield>
          <datafield tag="082" ind1="0" ind2="0">
            <subfield code="a">746.46</subfield>
            <subfield code="2">20</subfield>
          </datafield>
          <datafield tag="100" ind1="1" ind2=" ">
            <subfield code="a">Fons, Marianne.</subfield>
          </datafield>
          <datafield tag="245" ind1="1" ind2="0">
            <subfield code="a">America's best quilting projects /</subfield>
            <subfield code="c">edited by Mary V. Green ; written by Marianne Fons and Liz Porter</subfield>
          </datafield>
          <datafield tag="260" ind1=" " ind2=" ">
            <subfield code="a">Emmaus, Pa. :</subfield>
            <subfield code="b">Rodale Press ;</subfield>
            <subfield code="a">[New York, N.Y.] :</subfield>
            <subfield code="b">Distributed in the book trade by St. Martin's Press,</subfield>
            <subfield code="c">c1993.</subfield>
          </datafield>
          <datafield tag="300" ind1=" " ind2=" ">
            <subfield code="a">vii, 168 p. :</subfield>
            <subfield code="b">ill. (some col.) ;</subfield>
            <subfield code="c">29 cm.</subfield>
          </datafield>
          <datafield tag="440" ind1=" " ind2="2">
            <subfield code="a">A Rodale quilt book</subfield>
          </datafield>
          <datafield tag="500" ind1=" " ind2=" ">
            <subfield code="a">"Special feature, holidays and celebrations"--Cover.</subfield>
          </datafield>
          <datafield tag="650" ind1=" " ind2="0">
            <subfield code="a">Patchwork</subfield>
            <subfield code="z">United States</subfield>
            <subfield code="x">Patterns.</subfield>
          </datafield>
          <datafield tag="650" ind1=" " ind2="0">
            <subfield code="a">Patchwork quilts</subfield>
            <subfield code="z">United States.</subfield>
          </datafield>
          <datafield tag="700" ind1="1" ind2=" ">
            <subfield code="a">Porter, Liz.</subfield>
          </datafield>
          <datafield tag="700" ind1="1" ind2=" ">
            <subfield code="a">Green, Mary V.</subfield>
          </datafield>
          <datafield tag="920" ind1=" " ind2=" ">
            <subfield code="a">** LC HAS REQ'D # OF SHELF COPIES **</subfield>
          </datafield>
          <datafield tag="991" ind1=" " ind2=" ">
            <subfield code="b">c-GenColl</subfield>
            <subfield code="h">TT835</subfield>
            <subfield code="i">.F64 1993</subfield>
            <subfield code="t">Copy 1</subfield>
            <subfield code="w">BOOKS</subfield>
          </datafield>
        </record>
      </zs:recordData>
      <zs:recordPosition>11</zs:recordPosition>
    </zs:record>