
    <zs:record>
      <zs:recordSchema/>
      <zs:recordPacking>xml</zs:recordPacking>
      <zs:recordData>
        <record xmlns="http://www.loc.gov/MARC21/slim">
          <leader>02273cas a22004691  4500</leader>
          <controlfield tag="001">11367914</controlfield>
          <controlfield tag="005">20231217140033.0</controlfield>
          <controlfield tag="007">hd afb---baca</controlfield>
          <controlfield tag="008">900614d15801625miuuu   a     0    0eng  </controlfield>
          <datafield tag="010" ind1=" " ind2=" ">
            <subfield code="a">sf 90091961 </subfield>
          </datafield>
          <datafield tag="035" ind1=" " ind2=" ">
            <subfield code="a">(OCoLC)ocm21834353 </subfield>
          </datafield>
          <datafield tag="040" ind1=" " ind2=" ">
            <subfield code="a">DLC</subfield>
            <subfield code="b">eng</subfield>
            <subfield code="c">DLC</subfield>
            <subfield code="d">OCLCQ</subfield>
            <subfield code="d">OCLCG</subfield>
            <subfield code="d">OCLCQ</subfield>
            <subfield code="d">OCLCO</subfield>
            <subfield code="d">OCLCF</subfield>
            <subfield code="d">OCLCO</subfield>
            <subfield code="d">OCL</subfield>
            <subfield code="d">OCLCQ</subfield>
            <subfield code="d">OCLCA</subfield>
            <subfield code="d">OCLCO</subfield>
            <subfield code="d">OCLCL</subfield>
          </datafield>
          <datafield tag="042" ind1=" " ind2=" ">
            <subfield code="a">pcc</subfield>
          </datafield>
          <datafield tag="043" ind1=" " ind2=" ">
            <subfield code="a">e-uk---</subfield>
          </datafield>
          <datafield tag="050" ind1="0" ind2="0">
            <subfield code="a">Microfilm 90/6885</subfield>
          </datafield>
          <datafield tag="110" ind1="1" ind2=" ">
            <subfield code="a">Great Britain.</subfield>
            <subfield code="b">Public Record Office.</subfield>
          </datafield>
          <datafield tag="245" ind1="1" ind2="0">
            <subfield code="a">Calendar of state papers,</subfield>
            <subfield code="p">Domestic series</subfield>
            <subfield code="b">of the reigns of Edward VI, Mary, Elizabeth and James I. 1547-[1625] preserved in the State paper department of Her Majesty's Public Record Office.</subfield>
          </datafield>
          <datafield tag="260" ind1=" " ind2=" ">
            <subfield code="a">London,</subfield>
            <subfield code="b">Longman, Brown, Green, Longmans &amp; Roberts;,</subfield>
            <subfield code="c">1856-72.</subfield>
          </datafield>
          <datafield tag="300" ind1=" " ind2=" ">
            <subfield code="a">12 volumes</subfield>
            <subfield code="c">27 cm</subfield>
          </datafield>
          <datafield tag="336" ind1=" " ind2=" ">
            <subfield code="a">text</subfield>
            <subfield code="b">txt</subfield>
            <subfield code="2">rdacontent</subfield>
          </datafield>
          <datafield tag="337" ind1=" " ind2=" ">
            <subfield code="a">microform</subfield>
            <subfield code="b">h</subfield>
            <subfield code="2">rdamedia</subfield>
          </datafield>
          <datafield tag="338" ind1=" " ind2=" ">
            <subfield code="a">microfilm reel</subfield>
            <subfield code="b">hd</subfield>
            <subfield code="2">rdacarrier</subfield>
          </datafield>
          <datafield tag="362" ind1="0" ind2=" ">
            <subfield code="a">v. 1-12; 1547/80-1580/1625.</subfield>
          </datafield>
          <datafield tag="500" ind1=" " ind2=" ">
            <subfield code="a">Title varies slightly.</subfield>
          </datafield>
          <datafield tag="500" ind1=" " ind2=" ">
            <subfield code="a">Edited under the direction of the master of rolls, and with the sanction of Her Majesty's secretary of state for the Home Department, by Robert Lemon, v. 1-2; by Mary Anne Everett Green, v. 3-12.</subfield>
          </datafield>
          <datafield tag="533" ind1=" " ind2=" ">
            <subfield code="a">Microfilm.</subfield>
            <subfield code="b">Ann Arbor, Mich.,</subfield>
            <subfield code="c">University Microfilms International.</subfield>
            <subfield code="e">reels. 35 mm.</subfield>
          </datafield>
          <datafield tag="590" ind1=" " ind2=" ">
            <subfield code="a">SERBIB/SERLOC merged record</subfield>
          </datafield>
          <datafield tag="651" ind1=" " ind2="0">
            <subfield code="a">Great Britain</subfield>
            <subfield code="x">History</subfield>
            <subfield code="y">Tudors, 1485-1603</subfield>
            <subfield code="v">Sources.</subfield>
          </datafield>
          <datafield tag="651" ind1=" " ind2="0">
            <subfield code="a">Great Britain</subfield>
            <subfield code="x">History</subfield>
            <subfield code="y">James I, 1603-1625</subfield>
            <subfield code="v">Sources.</subfield>
          </datafield>
          <datafield tag="651" ind1=" " ind2="7">
            <subfield code="a">Great Britain.</subfield>
            <subfield code="2">fast</subfield>
            <subfield code="0">(OCoLC)fst01204623</subfield>
            <subfield code="1">https://id.oclc.org/worldcat/entity/E39PBJdmp7p3cx8hpmJ8HvmTpP</subfield>
          </datafield>
          <datafield tag="648" ind1=" " ind2="7">
            <subfield code="a">1485-1625</subfield>
            <subfield code="2">fast</subfield>
          </datafield>
          <datafield tag="655" ind1=" " ind2="7">
            <subfield code="a">History.</subfield>
            <subfield code="2">fast</subfield>
            <subfield code="0">(OCoLC)fst01411628</subfield>
          </datafield>
          <datafield tag="655" ind1=" " ind2="7">
            <subfield code="a">Sources.</subfield>
            <subfield code="2">fast</subfield>
            <subfield code="0">(OCoLC)fst01423900</subfield>
          </datafield>
          <datafield tag="700" ind1="1" ind2=" ">
            <subfield code="a">Lemon, Robert,</subfield>
            <subfield code="d">1800-1867.</subfield>
            <subfield code="1">https://id.oclc.org/worldcat/entity/E39PBJpjdbBwvmk7QPTXM3JVYP</subfield>
          </datafield>
          <datafield tag="700" ind1="1" ind2=" ">
            <subfield code="a">Green, Mary Anne Everett.</subfield>
          </datafield>
          <datafield tag="850" ind1=" " ind2=" ">
            <subfield code="a">DLC</subfield>
          </datafield>
          <datafield tag="890" ind1=" " ind2=" ">
            <subfield code="a">Great Britain. Public Records Office.  Calendar of state papers. Domestic series of the reigns of Edward VI, Mary, Elizabeth and James I [microfilm]</subfield>
            <subfield code="i">sf90-91961</subfield>
          </datafield>
          <datafield tag="906" ind1=" " ind2=" ">
            <subfield code="a">7</subfield>
            <subfield code="b">cbc</subfield>
            <subfield code="c">serials</subfield>
            <subfield code="d">u</subfield>
            <subfield code="e">ncip</subfield>
            <subfield code="f">19</subfield>
            <subfield code="g">n-oclcserc</subfield>
          </datafield>
          <datafield tag="920" ind1=" " ind2=" ">
            <subfield code="a">Keep 1</subfield>
          </datafield>
          <datafield tag="984" ind1=" " ind2=" ">
            <subfield code="a">srmf</subfield>
            <subfield code="d">2002-04-29</subfield>
          </datafield>
          <datafield tag="991" ind1=" " ind2=" ">
            <subfield code="b">c-MicRR</subfield>
            <subfield code="h">Microfilm 90/6885</subfield>
            <subfield code="w">SERIALS</subfield>
          </datafield>
          <datafield tag="992" ind1=" " ind2=" ">
            <subfield code="b">MicRR</subfield>
            <subfield code="w">SERLOC</subfield>
          </datafield>
        </record>
      </zs:recordData>
      <zs:recordPosition>12</zs:recordPosition>
    </zs:record>