
    <zs:record>
      <zs:recordSchema/>
      <zs:recordPacking>xml</zs:recordPacking>
      <zs:recordData>
        <record xmlns="http://www.loc.gov/MARC21/slim">
          <leader>01254cam a2200301 a 4500</leader>
          <controlfield tag="001">2071093</controlfield>
          <controlfield tag="005">20181019175412.0</controlfield>
          <controlfield tag="008">941122s1995    nyu      b    001 0 eng  </controlfield>
          <datafield tag="035" ind1=" " ind2=" ">
            <subfield code="9">(DLC)   94044449</subfield>
          </datafield>
          <datafield tag="906" ind1=" " ind2=" ">
            <subfield code="a">7</subfield>
            <subfield code="b">cbc</subfield>
            <subfield code="c">orignew</subfield>
            <subfield code="d">1</subfield>
            <subfield code="e">ocip</subfield>
            <subfield code="f">19</subfield>
            <subfield code="g">y-gencatlg</subfield>
          </datafield>
          <datafield tag="955" ind1=" " ind2=" ">
            <subfield code="a">pc03 to la00 11-22-94; lf11/desc. 11-23-94; lf07 11-25-94; lf29 11-25-94; CIP ver. pv08 07-31-95</subfield>
          </datafield>
          <datafield tag="010" ind1=" " ind2=" ">
            <subfield code="a">   94044449 </subfield>
          </datafield>
          <datafield tag="020" ind1=" " ind2=" ">
            <subfield code="a">0805745475 (alk. paper)</subfield>
          </datafield>
          <datafield tag="040" ind1=" " ind2=" ">
            <subfield code="a">DLC</subfield>
            <subfield code="c">DLC</subfield>
            <subfield code="d">DLC</subfield>
          </datafield>
          <datafield tag="050" ind1="0" ind2="0">
            <subfield code="a">PQ3919.B6</subfield>
            <subfield code="b">Z68 1995</subfield>
          </datafield>
          <datafield tag="082" ind1="0" ind2="0">
            <subfield code="a">843</subfield>
            <subfield code="2">20</subfield>
          </datafield>
          <datafield tag="100" ind1="1" ind2=" ">
            <subfield code="a">Green, Mary Jean Matthews.</subfield>
          </datafield>
          <datafield tag="245" ind1="1" ind2="0">
            <subfield code="a">Marie-Claire Blais /</subfield>
            <subfield code="c">Mary Jean Green.</subfield>
          </datafield>
          <datafield tag="260" ind1=" " ind2=" ">
            <subfield code="a">New York :</subfield>
            <subfield code="b">Twayne ;</subfield>
            <subfield code="a">London :</subfield>
            <subfield code="b">Prentice Hall International,</subfield>
            <subfield code="c">c1995.</subfield>
          </datafield>
          <datafield tag="300" ind1=" " ind2=" ">
            <subfield code="a">xiv, 152 p. ;</subfield>
            <subfield code="c">23 cm.</subfield>
          </datafield>
          <datafield tag="490" ind1="1" ind2=" ">
            <subfield code="a">Twayne's world authors series ;</subfield>
            <subfield code="v">TWAS 856.</subfield>
            <subfield code="a">Canadian literature</subfield>
          </datafield>
          <datafield tag="504" ind1=" " ind2=" ">
            <subfield code="a">Includes bibliographical references (p. 141-148) and index.</subfield>
          </datafield>
          <datafield tag="600" ind1="1" ind2="0">
            <subfield code="a">Blais, Marie-Claire,</subfield>
            <subfield code="d">1939-</subfield>
            <subfield code="x">Criticism and interpretation.</subfield>
          </datafield>
          <datafield tag="650" ind1=" " ind2="0">
            <subfield code="a">Women and literature</subfield>
            <subfield code="z">Canada</subfield>
            <subfield code="x">History</subfield>
            <subfield code="y">20th century.</subfield>
          </datafield>
          <datafield tag="830" ind1=" " ind2="0">
            <subfield code="a">Twayne's world authors series ;</subfield>
            <subfield code="v">TWAS 856.</subfield>
          </datafield>
          <datafield tag="830" ind1=" " ind2="0">
            <subfield code="a">Twayne's world authors series.</subfield>
            <subfield code="p">Canadian literature.</subfield>
          </datafield>
          <datafield tag="920" ind1=" " ind2=" ">
            <subfield code="a">** LC HAS REQ'D # OF SHELF COPIES **</subfield>
          </datafield>
          <datafield tag="991" ind1=" " ind2=" ">
            <subfield code="b">c-GenColl</subfield>
            <subfield code="h">PQ3919.B6</subfield>
            <subfield code="i">Z68 1995</subfield>
            <subfield code="t">Copy 1</subfield>
            <subfield code="w">BOOKS</subfield>
          </datafield>
        </record>
      </zs:recordData>
      <zs:recordPosition>37</zs:recordPosition>
    </zs:record>