
    <zs:record>
      <zs:recordSchema/>
      <zs:recordPacking>xml</zs:recordPacking>
      <zs:recordData>
        <record xmlns="http://www.loc.gov/MARC21/slim">
          <leader>02774cam a22005535i 4500</leader>
          <controlfield tag="001">23308831</controlfield>
          <controlfield tag="005">20230906143819.0</controlfield>
          <controlfield tag="006">m    |o  d |      </controlfield>
          <controlfield tag="007">cr||||||||||||</controlfield>
          <controlfield tag="008">991103s1999    dcua    obf  f000 0 eng  </controlfield>
          <datafield tag="906" ind1=" " ind2=" ">
            <subfield code="a">0</subfield>
            <subfield code="b">ibc</subfield>
            <subfield code="c">origcop</subfield>
            <subfield code="d">u</subfield>
            <subfield code="e">ncip</subfield>
            <subfield code="f">20</subfield>
            <subfield code="g">y-gencatlg</subfield>
          </datafield>
          <datafield tag="925" ind1="0" ind2=" ">
            <subfield code="a">acquire</subfield>
            <subfield code="x">policy default</subfield>
          </datafield>
          <datafield tag="010" ind1=" " ind2=" ">
            <subfield code="a">  2023692053</subfield>
          </datafield>
          <datafield tag="037" ind1=" " ind2=" ">
            <subfield code="a">NCJ 178265</subfield>
            <subfield code="b">NIJ</subfield>
          </datafield>
          <datafield tag="040" ind1=" " ind2=" ">
            <subfield code="a">DLC</subfield>
            <subfield code="b">eng</subfield>
            <subfield code="e">pn</subfield>
            <subfield code="e">rda</subfield>
            <subfield code="c">DLC</subfield>
          </datafield>
          <datafield tag="043" ind1=" " ind2=" ">
            <subfield code="a">n-us---</subfield>
          </datafield>
          <datafield tag="050" ind1="0" ind2="0">
            <subfield code="a">LB3013.3</subfield>
          </datafield>
          <datafield tag="074" ind1=" " ind2=" ">
            <subfield code="a">0718-A-03</subfield>
          </datafield>
          <datafield tag="074" ind1=" " ind2=" ">
            <subfield code="a">0718-A-03 (online)</subfield>
          </datafield>
          <datafield tag="086" ind1="0" ind2=" ">
            <subfield code="a">J 28.24/3:SE 2</subfield>
          </datafield>
          <datafield tag="100" ind1="1" ind2=" ">
            <subfield code="a">Green, Mary W.</subfield>
          </datafield>
          <datafield tag="245" ind1="1" ind2="4">
            <subfield code="a">The appropriate and effective use of security technologies in U.S. schools :</subfield>
            <subfield code="b">a guide for schools and law enforcement agencies /</subfield>
            <subfield code="c">Mary W. Green.</subfield>
          </datafield>
          <datafield tag="246" ind1="3" ind2="0">
            <subfield code="a">Guide for schools and law enforcement agencies</subfield>
          </datafield>
          <datafield tag="264" ind1=" " ind2="1">
            <subfield code="a">Washington, DC :</subfield>
            <subfield code="b">U.S. Dept. of Justice, Office of Justice Programs, National Institute of Justice,</subfield>
            <subfield code="c">[1999]</subfield>
          </datafield>
          <datafield tag="300" ind1=" " ind2=" ">
            <subfield code="a">1 electronic resource (xi, 129 pages )</subfield>
          </datafield>
          <datafield tag="336" ind1=" " ind2=" ">
            <subfield code="a">text</subfield>
            <subfield code="b">txt</subfield>
            <subfield code="2">rdacontent</subfield>
          </datafield>
          <datafield tag="337" ind1=" " ind2=" ">
            <subfield code="a">computer</subfield>
            <subfield code="b">c</subfield>
            <subfield code="2">rdamedia</subfield>
          </datafield>
          <datafield tag="338" ind1=" " ind2=" ">
            <subfield code="a">online</subfield>
            <subfield code="b">cr</subfield>
            <subfield code="2">rdacarrier</subfield>
          </datafield>
          <datafield tag="490" ind1="1" ind2=" ">
            <subfield code="a">Research report</subfield>
          </datafield>
          <datafield tag="500" ind1=" " ind2=" ">
            <subfield code="a">"Award number 97-IJ-R-072"--T.p. verso.</subfield>
          </datafield>
          <datafield tag="500" ind1=" " ind2=" ">
            <subfield code="a">"September 1999."</subfield>
          </datafield>
          <datafield tag="500" ind1=" " ind2=" ">
            <subfield code="a">"U.S. Department of Justice, National Institute of Justice, U.S. Department of Education, Safe and Drug-Free Schools Program, U.S. Department of Energy, Sandia National Laboratories"--Cover.</subfield>
          </datafield>
          <datafield tag="500" ind1=" " ind2=" ">
            <subfield code="a">Shipping list numbers: 2000-0037-P.</subfield>
          </datafield>
          <datafield tag="504" ind1=" " ind2=" ">
            <subfield code="a">Includes bibliographical references (pages 121-129).</subfield>
          </datafield>
          <datafield tag="506" ind1=" " ind2=" ">
            <subfield code="f">Unrestricted online access</subfield>
          </datafield>
          <datafield tag="540" ind1=" " ind2=" ">
            <subfield code="a">This is non-restricted, fully open content that may be accessed on and off of the Library of Congress campus, with no restrictions, by an unlimited number of users</subfield>
          </datafield>
          <datafield tag="588" ind1=" " ind2=" ">
            <subfield code="a">Description based on print version record; resource not viewed.</subfield>
          </datafield>
          <datafield tag="650" ind1=" " ind2="0">
            <subfield code="a">Electronic security systems</subfield>
            <subfield code="z">United States</subfield>
            <subfield code="v">Handbooks, manuals, etc.</subfield>
          </datafield>
          <datafield tag="650" ind1=" " ind2="0">
            <subfield code="a">Law enforcement</subfield>
            <subfield code="z">United States</subfield>
            <subfield code="v">Handbooks, manuals, etc.</subfield>
          </datafield>
          <datafield tag="650" ind1=" " ind2="0">
            <subfield code="a">School violence</subfield>
            <subfield code="z">United States</subfield>
            <subfield code="x">Prevention</subfield>
            <subfield code="v">Handbooks, manuals, etc.</subfield>
          </datafield>
          <datafield tag="650" ind1=" " ind2="0">
            <subfield code="a">Schools</subfield>
            <subfield code="z">United States</subfield>
            <subfield code="x">Safety measures</subfield>
            <subfield code="v">Handbooks, manuals, etc.</subfield>
          </datafield>
          <datafield tag="710" ind1="2" ind2=" ">
            <subfield code="a">National Institute of Justice (U.S.)</subfield>
          </datafield>
          <datafield tag="710" ind1="2" ind2=" ">
            <subfield code="a">Safe and Drug-Free Schools Program (U.S.)</subfield>
          </datafield>
          <datafield tag="710" ind1="2" ind2=" ">
            <subfield code="a">Sandia National Laboratories.</subfield>
          </datafield>
          <datafield tag="776" ind1="0" ind2="8">
            <subfield code="i">Print version:</subfield>
            <subfield code="t">The appropriate and effective use of security technologies in U.S. schools</subfield>
            <subfield code="d">Washington, DC : U.S. Dept. of Justice, Office of Justice Programs, National Institute of Justice, [1999]</subfield>
            <subfield code="w">(DLC)   99489185</subfield>
          </datafield>
          <datafield tag="830" ind1=" " ind2="0">
            <subfield code="a">Research report (National Institute of Justice (U.S.))</subfield>
          </datafield>
          <datafield tag="856" ind1="4" ind2="0">
            <subfield code="d">gdcebookspublic</subfield>
            <subfield code="f">2023692053</subfield>
            <subfield code="u">https://hdl.loc.gov/loc.gdc/gdcebookspublic.2023692053</subfield>
          </datafield>
          <datafield tag="985" ind1=" " ind2=" ">
            <subfield code="a">gdc/scd</subfield>
          </datafield>
          <datafield tag="985" ind1=" " ind2=" ">
            <subfield code="a">gdc/usgovdigresources</subfield>
          </datafield>
        </record>
      </zs:recordData>
      <zs:recordPosition>61</zs:recordPosition>
    </zs:record>